@ARTICLE{ieeeSDN,
	author={F. Hu and Q. Hao and K. Bao},
	journal={IEEE Communications Surveys Tutorials},
	title={A Survey on Software-Defined Network and OpenFlow: From Concept to Implementation},
	year={2014},
	volume={16},
	number={4},
	pages={2181-2206},
	%doi={10.1109/COMST.2014.2326417},
	%ISSN={1553-877X},
	month={Fourthquarter},
}

@article{Roadto,
    author    = "Nick Feamster and Jennifer Rexford and Ellen Zegura",
    title     = "The Road to SDN: An Intellectual History of Programmable Networks",
    journal   = "ACM SIGCOMM Computer Communication Review",
    volume   = "44",
    number   = "2",
    pages    = "87 - 98",
    year      = "2014",
    %month    = "",
    %note     = "",
}